2296 4112
923 125 938 170 Ι

184 287 279 379 11⁶4
396 289 429 354 t.
457 283 637 354 vinoun
660 251 854 358 untotus

181 483 309 544 Aeneae
327 475 454 558 ignatus
473 471 568 536 abest.
605 477 827 554 Numquamne
845 473 948 538 leonti
1036 483 1095 552 ας

182 575 358 644 Obsidione
374 561 486 668 line'e?¹
504 576 603 639 motis
620 576 736 640 iterum
753 577 892 636 inminet
910 562 1011 636 hostie

183 672 350 744 Nascentis
369 679 508 752 Troiae;
535 695 685 738 necnon
706 677 865 736 exercitus
882 675 974 752 ulter,

183 781 291 860 Atque
310 779 425 839 iterum
445 781 481 840 in
501 783 643 840 Teucros
660 776 784 840 Aetolit
811 770 907 858 surgit
924 775 964 836 ab
986 780 1097 856 Arpis

184 877 340 962 Tydides.
366 861 653 959 Equidemjctedo,
678 895 751 940 mea
767 876 898 938 volnera
919 876 1066 951 rest2nt;

183 983 226 1045 Et
242 998 295 1044 tua
311 981 482 1062 progenies
500 979 644 1042 mortalia
661 977 810 1040 demoror
829 979 932 1040 arma!
1041 992 1095 1054 30

106 1127 114 1138 .
184 1083 218 1150 Si
236 1080 301 1142 lino
319 1099 398 1160 pace
416 1095 477 1157 tut,
503 1095 598 1161 utque
614 1080 717 1142 inuito
737 1080 882 1156 numine,
904 1081 937 1142 T
939 1097 1016 1142 roee

184 1183 308 1246 Italiam
327 1182 474 1261 petiere:
501 1181 589 1244 luunt
606 1195 755 1260 peccatu
782 1197 887 1260 neque
905 1179 979 1242 illos

186 1284 310 1362 iuuetis
325 1281 453 1346 euxilio.
506 1285 629 1348 Sin-tot
648 1276 792 1362 responsa
809 1276 921 1358 secuti,
1139 1313 1140 1380 ¹

186 1385 278 1464 Quae
304 1385 417 1464 Superi
440 1385 618 1466 Manesque
647 1380 787 1446 debent.-
836 1401 891 1444 cut
922 1385 1013 1444 tiunc
1036 1397 1095 1446 tue
1139 1381 1141 1470 '¹

257 1497 260 1504 ’
718 1519 727 1536 ·
756 1529 777 1548 ..
820 1485 987 1564 quisquam

188 1589 327 1662 Vertere
337 1583 413 1648 iulst
421 1584 546 1668 potest?
565 1581 1028 1654 autentnouacnnderefate?
1042 1595 1090 1662 35

181 1687 276 1769 -Qoid
295 1703 440 1770 repetam
459 1685 579 1751 exustas
601 1689 741 1771 Erycino
756 1673 791 1748 in
807 1687 904 1748 litote
924 1684 1082 1848 clnlsts?d

331 1793 333 1800 ,
998 1788 1057 1866 Qui
1145 1837 1146 1898 ¹

189 1969 281 2014 rorum
295 1971 330 2010 et
338 1951 430 2009 Ennio
444 1966 493 2010 tut
505 1951 562 2010 alio
576 1971 622 2010 ve·
648 1952 713 2016 det.
729 1949 909 2020 sustinebone
934 1948 1042 2010 iterum
1055 1965 1089 2006 tc
1146 1981 1147 1986 κ

188 2044 251 2086 tete
266 2041 350 2100 poete
371 2024 487 2084 dulium
501 2025 624 2095 videtur.
650 2025 790 2100 depellam
824 2021 972 2082 Diomedis
994 2027 1088 2096 impe·

138 2094 142 2103 ’
189 2099 241 2176 qui
268 2099 386 2174 antiquo
416 2119 493 2156 mote
522 2119 624 2160 moeros
650 2115 711 2158 ttun
726 2097 865 2162 ltollilem.
881 2113 913 2154 et
927 2098 1090 2155 veteodunt

191 2193 242 2250 pto
258 2173 344 2230 mutis
358 2171 445 2230 dixit=
461 2188 492 2228 vt
507 2193 622 2244 pomoe·
651 2172 722 2230 mihi
735 2171 798 2238 etit,
816 2191 855 2240 ne
873 2172 911 2227 ab
932 2189 969 2227 eo
984 2171 1090 2228 iterum

189 2248 240 2303 tit.
259 2276 296 2287 -
316 2263 347 2314 ος
370 2263 552 2320 nunquamne.
587 2263 624 2302 att
651 2248 800 2306 vulneret!
828 2245 947 2302 Scilicet
966 2259 1091 2310 morata,

190 2317 298 2392 ubique
318 2337 351 2374 ea
367 2317 423 2388 ipsa
438 2317 553 2377 fortune
567 2339 623 2376 nta-
651 2323 801 2386 demorato,
816 2335 874 2378 etat
894 2317 996 2378 venus
1015 2317 1093 2376 Dio-

85 2449 90 2454 ,
189 2408 250 2454 net.
273 2387 460 2446 vtobsdione
482 2389 510 2448 se
524 2392 626 2466 pressot
653 2395 784 2459 medem,
817 2410 882 2452 cum
899 2391 929 2447 in
951 2397 1094 2455 Aeneam,

188 2463 390 2528 videtne-et
405 2463 540 2522 Necnon
554 2467 626 2524 alter
652 2468 709 2526 ium
732 2469 922 2530 vulneratum,
938 2464 988 2523 ille
1001 2465 1094 2522 irrue-

190 2537 332 2596 exercitus
354 2555 385 2596 et
405 2535 559 2598 Diomedes
580 2540 626 2598 in·
652 2559 707 2609 tet,
720 2556 843 2614 eumqne
851 2540 1029 2614 iugulatum
1044 2537 1094 2596 es-

189 2609 290 2689 sutgit.
312 2612 402 2678 venit,
425 2611 460 2678 in
478 2613 628 2672 Troitnot.
654 2615 713 2674 set:
732 2613 878 2684 staecsunt
898 2613 1030 2673 mortalia
1040 2632 1093 2669 er·

190 2685 301 2771 Aetolis
316 2687 350 2744 ab
365 2687 462 2762 Arpis,
480 2705 551 2763 quos
569 2693 626 2746 Ae·
653 2709 707 2746 ma.
726 2719 764 2732 -
790 2703 821 2760 13
843 2701 885 2745 m
904 2685 1029 2818 response
1052 2685 1095 2742 cf.

190 2759 246 2818 tolt
266 2759 317 2820 sub
348 2761 488 2820 Diomede
511 2761 626 2821 insede·
653 2762 714 2838 sup.
728 2764 782 2819 To.
796 2763 808 2816 l
822 2778 850 2834 p.
864 2779 916 2829 414
943 2779 993 2837 qq.
1022 2761 1095 2818 Ma-

190 2849 273 2895 uttntt
293 2837 327 2892 ad
344 2834 516 2894 Diomedem
529 2852 626 2894 autent
653 2855 698 2896 net
706 2833 895 2902 Heliotitliu
905 2837 939 2900 11,
949 2853 1013 2907 294·
1020 2852 1093 2906 ²25²

191 2904 262 2965 belli
288 2907 422 2967 societate
448 2908 625 2988 iungendum
653 2908 771 2968 Creusae
791 2912 827 2974 11,
848 2922 911 2977 πο.
932 2921 1005 2980 781:
1030 2913 1092 2967 An-

191 2978 260 3038 misst
279 2998 358 3038 erant
379 2982 465 3059 legati
479 3005 494 3040 a
509 2981 626 3042 Latinis.
653 2982 746 3042 chilie
763 2985 798 3046 V.
811 2983 925 3058 miqt
945 2983 1045 3060 nescio
1056 3001 1091 3039 tn

104 3107 107 3118 s
191 3053 231 3110 cs.
251 3053 312 3128 sup.
330 3054 406 3122 Vlll,
428 3073 489 3124 pet
512 3057 560 3113 lib.
580 3059 627 3120 xi.
651 3057 821 3115 descensum
834 3053 984 3114 odlnfeuos
997 3055 1089 3132 respe-

190 3144 244 3194 αις
267 3127 327 3204 sqq.
353 3159 390 3172 -
415 3148 450 3200 29
470 3129 627 3202 Supersunt
653 3130 736 3188 uerit.

191 3200 283 3258 adhuc
310 3199 454 3260 cicatrices
482 3205 592 3276 accepti
611 3223 627 3260 a
693 3211 727 3277 36
741 3201 819 3261 Facit
833 3203 969 3262 inuidiam
985 3201 1093 3262 lunoni

190 3273 334 3335 Diomede
349 3277 485 3336 vulneris.
510 3297 538 3334 v.
551 3279 585 3334 ll.
603 3301 627 3342 ι,
654 3276 907 3338 commemorandis
917 3279 978 3336 eius
986 3278 1095 3335 inTto·

119 3345 124 3361 “
192 3359 245 3416 334
260 3345 318 3420 sqq.
352 3347 473 3408 Videtur
488 3349 533 3406 hic
548 3353 628 3410 locut
653 3351 731 3409 iuuos
743 3348 1014 3414 machinationibuee
1036 3352 1095 3424 pti-

68 3470 71 3476 ,
191 3417 625 3482 letiuseffeooidioinet.xv.
653 3441 732 3484 munt
755 3423 886 3482 incensae
916 3424 948 3480 in
979 3424 1098 3483 Siciliae

190 3494 242 3560 7⁶8
258 3491 407 3568 sqq—30
419 3497 551 3564 demoror,
560 3515 626 3576 ego,
651 3496 750 3558 littore
763 3497 1098 3626 minumum?

833 3631 835 3636 ,
1010 3589 1076 3646 port
