2292 4118
202 359 205 364 ’
258 367 478 444 uiuamus
503 375 577 438 mn.
607 374 669 436 xn
709 339 717 362 ‘
819 357 939 465 tata

22 553 306 642 Vestigau'itapee,
329 555 481 640 fumoque
499 559 638 638 inpleuit
652 575 774 630 amar03

20 656 102 719 Illae
121 661 208 724 intus
230 659 376 740 trepidae
396 678 502 721 rerum
522 679 581 738 per
601 677 693 720 cerea
713 655 807 718 castra

20 756 225 839 Discurrunt,
234 763 418 844 magnisque
428 776 545 821 acuunt
562 755 746 822 stridcribus
756 759 817 818 iras
826 777 836 831 ;
850 755 922 833 590

19 857 175 924 Voluitur
194 879 261 924 ater
280 861 359 924 odor
377 861 484 942 tedim
512 875 578 921 tum
597 859 756 920 murmure
775 875 890 920 caeco·

18 955 108 1024 Intus
124 959 199 1024 saxa
217 959 327 1025 sonant
337 986 346 1037 ;
372 977 481 1026 vacuas
500 964 526 1023 it
541 959 645 1022 fumun
663 957 702 1020 ad
718 977 816 1020 auras.

71 1063 209 1126 Adcidit
227 1063 307 1125 haec
323 1061 406 1126 fedis
417 1061 521 1124 'etiam
537 1061 665 1224 foqquna
684 1061 817 1138 Latinis,

19 1159 111 1238 Quae
126 1179 226 1228 totam
248 1153 330 1228 ludu
350 1163 500 1227 concussit
516 1161 572 1224 fun
598 1166 659 1224 itus
672 1159 792 1223 vrbem.

18 1254 143 1343 Regina
158 1281 193 1330 vt
208 1267 297 1329 tectis
311 1259 500 1328 venientem
516 1259 668 1348 prospicit
687 1259 818 1340 hostem,
846 1273 915 1346 595

20 1359 130 1430 Incessi
151 1387 268 1445 muros,
296 1367 379 1449 ignis
396 1361 435 1424 ad
449 1363 531 1424 tedia
548 1365 669 1438 volare;

21 1459 183 1546 Nusquam
196 1471 280 1530 acies
294 1481 403 1528 contra
412 1463 548 1541 Rutulas,
561 1463 648 1524 nulla
658 1463 786 1546 agmina
795 1462 917 1524 Turni:

19 1557 141 1629 Infelix
156 1587 283 1652 pugnae
300 1569 454 1628 iuuenem
471 1565 506 1624 in
525 1565 701 1626 certamine
719 1561 824 1623 credit
879 1573 887 1588 ¹

18 1660 214 1730 Exstinctum
223 1689 233 1740 ;
261 1682 303 1743 et,
326 1662 428 1727 subito
444 1681 586 1726 mentem
603 1661 725 1726 turbata
743 1659 866 1740 dolore,

17 1761 60 1824 Se
88 1764 223 1827 cauffam
250 1766 371 1845 clamat,
406 1766 604 1845 crimenque,
637 1778 795 1852 caputque
819 1763 933 1852 malo--

531 1897 538 1904 ·
654 1883 741 1926 rum:
844 1863 917 1929 600
951 1887 955 1894 ¹

15 1959 187 2044 Multaque
204 1987 262 2047 per
278 1963 429 2050 maestum
445 1963 579 2028 demens
600 1961 693 2028 effata
711 1961 864 2043 furorem,

13 2062 195 2144 Purpureos
213 2069 365 2130 moritura
383 2086 478 2130 manu
493 2063 646 2130 discindit
659 2065 798 2145 amictus,

875 2147 1030 2232 Et¹

15 2387 56 2445 est
70 2389 106 2450 dc
114 2395 273 2472 Bebnycum
285 2394 353 2473 fuga
360 2393 408 2454 lib.
415 2393 452 2459 11.
479 2417 531 2463 m.
556 2424 594 2437 -
610 2410 671 2469 591.
686 2409 738 2464 592
751 2408 862 2452 tantum
878 2393 916 2451 ad

13 2467 453 2602 dddtudz‘ffddtdd'z}
479 2468 918 2598 3}?5:¹2¹¹a‘¹513·25?f¹¹td²522.³¹‘3

9 2613 233 2686 ‘trepidationem
247 2614 401 2677 transtulit.
423 2628 453 2669 ct
478 2613 573 2673 verbis,
593 2612 753 2686 Apollonii:
780 2610 873 2684 amaea*
886 2615 915 2672 δί

12 2701 183 2744 ornamenta
196 2685 270 2744 varia
283 2685 401 2742 adiecit:
422 2701 451 2741 ν.
478 2681 618 2754 amiciam
648 2683 741 2756 Καπνςῖ
771 2679 917 2755 wadnam.

13 2773 40 2811 c.
59 2768 141 2832 πέτρη
163 2765 195 2818 dat
218 2759 257 2814 est
277 2757 405 2834 latebroso
420 2759 450 2814 a'at
477 2760 610 2817 Studium
638 2774 753 2816 ornatus
783 2757 917 2818 videmus

11 2835 125 2904 pumice.
140 2835 246 2908 aoemaqia
259 2831 299 2888 est
330 2849 387 2888 uno
398 2832 451 2888 a'm-
477 2833 523 2890 vel
545 2831 658 2890 inhia:
678 2829 775 2902 fumus
793 2850 914 2898 amaras,

13 2909 89 2978 plere
103 2927 204 2966 amara.
216 2923 294 2961 -ue
317 2903 452 2980 igaaitest
478 2904 610 2964 molestus
630 2921 694 2964 ater
714 2908 788 2966 odor.
808 2905 915 2963 Omissa

14 2979 451 3051 proinuenitmtuaqtewtacci·
477 2981 515 3038 in.
540 2977 598 3038 fine
624 2980 658 3039 ad
685 2995 736 3052 592
760 2977 914 3064 applicatio
957 3033 969 3044 ,

15 3052 165 3124 piendum,
185 3054 216 3111 in
231 3053 346 3118 latebra,
360 3069 452 3118 antro,
478 3052 709 3127 comparationis:
735 3051 841 3110 Similis
855 3052 915 3110 fot·

16 3143 60 3183 eas
74 3129 192 3206 detegit.
216 3129 338 3206 trepidae
352 3143 452 3192 reram,
477 3144 547 3186 tuna
564 3143 595 3184 et
606 3125 916 3200 trepidationuncerat

15 3196 139 3262 sollenni
159 3199 251 3276 (conf.
272 3201 333 3274 sup.
346 3201 371 3266 1,
386 3203 451 3273 ¹7⁸)
478 3201 510 3258 in
523 3199 594 3256 vrbe
608 3199 783 3260 Latinorum.

15 3289 129 3346 ornatu,
149 3295 199 3352 pto
217 3277 339 3351 trepidae
351 3271 453 3348 simpli·
514 3289 566 3345 593
587 3275 671 3334 Noua
690 3271 832 3330 calamitas
845 3272 915 3332 affli-

18 3346 106 3404 citer:
141 3349 269 3424 trepidae
296 3348 333 3406 de
357 3348 453 3411 rebus.
478 3345 521 3406 ait
550 3347 665 3406 Latinos
693 3347 757 3406 casu
784 3350 914 3406 Amatae.

18 3435 133 3494 propter
146 3439 208 3488 ret,
233 3436 346 3510 propter
359 3420 453 3479 casum
473 3419 568 3500 feffos,
587 3421 678 3486 maiia.
697 3437 729 3479 et
743 3421 800 3482 iam
813 3419 917 3481 animia

16 3491 216 3566 repentinum
237 3514 266 3554 tn
278 3493 395 3570 trepidis
409 3513 454 3550 re·
480 3495 591 3554 fractos.
610 3525 648 3537 -
660 3499 752 3554 ὀοοιι
770 3495 917 3562 annuitu-

17 3563 72 3623 bus
95 3567 281 3640 constitutae,
305 3569 454 3642 autperti·
480 3587 557 3636 acm,
584 3584 616 3626 vt
645 3567 704 3646 sup.
730 3509 785 3640 xli,
805 3574 856 3642 3⁶¹
880 3569 918 3626 de

519 3642 634 3716 Saaaq
801 3643 921 3708 Turnot
