2330 4110
785 97 809 158 d

189 295 284 364 1082
400 291 433 354 P.
460 285 640 352 vntetm
662 287 856 358 Molonis
970 295 972 300 ’

185 481 280 544 Dona
296 467 498 558 recognoscit
516 471 715 554 populorum,
740 487 887 554 optatque
906 469 1048 555 superbit

182 576 345 662 postibus3
373 575 528 638 incedunt
547 575 647 637 vittae
666 575 764 658 longo
785 575 899 638 ordine
918 591 1045 658 gentes,

185 681 291 758 Quom
308 677 413 738 variae
431 675 559 758 linguis,
578 659 697 738 ‘habitu
716 692 779 737 tam
794 675 885 740 vestis
904 692 937 738 et
955 681 1059 742 armis.

186 781 250 842 Hic
264 776 440 842 Nomadum
458 757 562 858 gestus
582 791 614 838 et
626 775 794 838 discindos
806 776 968 839 Mulciber
980 776 1086 856 Afros,

186 882 249 944 llic
261 879 395 964 Lelegas
406 878 566 956 Carasque
583 871 838 960 sagittiferosque
851 879 994 940 Gelonos
1012 889 1087 956 725

185 977 357 1054 Finderm
380 975 558 1056 Euphtltet
575 976 641 1039 ibat
659 979 719 1040 iem
738 979 865 1042 mollior
881 979 984 1056 vodis,

609 1073 613 1078 ’
837 1147 839 1154 ,
925 1081 1087 1143 Extremi·

181 1276 305 1354 gnostitt
325 1289 472 1362 argutarut
486 1276 581 1332 Burm.
593 1273 626 1332 in
651 1275 766 1349 populit
788 1290 819 1332 et
837 1274 950 1352 regibus
972 1274 1091 1332 minoris
1149 1285 1150 1348 l

186 1367 285 1425 etymo
307 1351 404 1419 vocis)
421 1347 625 1406 succedentem
649 1347 739 1417 Aliae,
759 1365 830 1424 quos
851 1365 1031 1406 enumeratos
1047 1347 1091 1404 vi·
1149 1349 1150 1368 ¹

153 1490 154 1499 χ
186 1441 318 1499 pompam
336 1423 554 1496 triumphalem,
592 1420 625 1478 in
652 1425 702 1481 des
728 1423 801 1494 apud
820 1414 1003 1478 Plutarchum
1025 1423 1090 1478 tic.

187 1514 243 1572 que
264 1511 411 1571 portantur
434 1513 558 1552 coronae
572 1511 623 1551 au·
651 1501 682 1556 B.
697 1497 836 1572 Leleges,
853 1497 889 1552 dc
906 1512 1027 1570 quotum
1041 1496 1094 1553 sc·'

117 1575 120 1584 '
187 1591 273 1636 reae,
292 1575 361 1629 dona
382 1571 551 1644 populorumt
571 1567 624 1624 du·
653 1571 736 1630 dibus
753 1571 853 1628 Strabo
869 1569 917 1624 lib.
925 1571 991 1626 XlIl
1001 1571 1090 1626 multa

139 1696 143 1704 .
188 1660 293 1702 cuntur
309 1705 310 1709 ,
329 1643 437 1716 captiui
468 1661 536 1714 vna?
558 1659 624 1700 cum
653 1645 788 1715 disputat,
804 1643 1089 1700 cumCaributoram

187 1717 443 1794 fignisfluuiotum‚
463 1747 500 1759 ·-
515 1729 625 1792 7atap·
653 1716 735 1778 Aliae
750 1715 916 1774 maritimam
925 1731 1090 1782 renuerent.

188 1791 626 1868 tarquepostibusrcoronascrgo
653 1808 806 1864 antequam
826 1791 860 1846 ab
876 1789 990 1846 lonlbue
1005 1789 1089 1846 eiecti

188 1861 220 1922 in
229 1867 338 1924 l'otibut
350 1866 396 1920 vel
408 1864 516 1938 porticu
523 1862 626 1937 templi
653 1865 688 1925 ad
702 1862 836 1922 interiora
850 1861 1032 1922 recesserunt.
1043 1864 1088 1918 De

170 1967 172 1974 ,
187 1937 325 2012 suspendi
339 1939 456 1996 curauit.
488 1969 528 1997 ,--
560 1954 625 2007 724.
652 1935 695 1996 his
709 1955 764 1994 nec
778 1939 813 1995 de
826 1935 885 1992 aliis
897 1937 1053 2012 Lelegibuo
1061 1935 1088 1992 h.

188 2030 242 2084 725
262 2013 350 2070 Vides
365 2009 527 2075 manifeste,
547 2009 626 2085 quod
653 2017 670 2072 Ι.
687 2032 700 2068 a
724 2009 789 2068 itur.
824 2009 926 2068 Frustra
943 2017 977 2068 ad
989 2013 1088 2070 Dacos

121 2084 123 2092 '
187 2083 269 2160 supro
290 2087 324 2144 ad
342 2104 369 2142 v.
384 2090 437 2148 686
453 2085 626 2150 monuimus.
653 2031 839 2152 etidastarnas
852 2101 957 2142 nornen
974 2099 1088 2142 reuocat

189 2175 306 2235 poetam
321 2157 438 2215 carmini
455 2155 625 2232 dignitatem
652 2155 793 2218 Massonus
826 2153 855 2214 in
880 2159 944 2214 lano
969 2155 1089 2232 reserato

189 2248 221 2290 et
233 2231 406 2288 maiestatem
423 2248 518 2302 parate
529 2248 625 2286 exno·
652 2231 724 2288 Seu.
738 2235 778 2289 lll
795 2251 820 2287 c.
837 2249 862 2300 5,
876 2232 1009 2288 aduersus
1018 2248 1091 2304 quos

188 2303 298 2364 minum
320 2302 450 2360 nouitate
474 2303 522 2357 vel
543 2321 625 2378 pete·
653 2307 695 2364 Μ.
734 2305 844 2363 Crassus
870 2305 976 2364 bellum
1004 2304 1096 2383 gessit.

189 2377 323 2456 grinitate
345 2377 392 2434 vel
421 2373 569 2432 vetustate.
588 2407 626 2418 -
653 2377 774 2438 Meliore
795 2377 856 2434 iure
881 2377 914 2434 ed
930 2379 1040 2436 bellum
1055 2377 1091 2434 il·

188 2452 336 2510 Nomadum
356 2469 445 2534 genus
474 2462 502 2505 et
527 2447 625 2522 Afros.
652 2453 703 2512 lud
725 2451 828 2508 referas
850 2447 979 2517 Gelonos,
1018 2467 1091 2537 quot

188 2527 257 2584 Erat
270 2525 346 2582 enim
361 2544 390 2582 rn
401 2521 521 2582 Antonii
539 2521 625 2598 parti·
654 2544 703 2600 pro
725 2523 809 2583 Dacis
836 2525 937 2582 vicinis
957 2544 1092 2582 nomma-

188 2603 242 2658 bus
269 2617 367 2676 magna
391 2595 505 2656 Africae
529 2614 625 2672 parea
653 2619 684 2656 te
703 2598 807 2674 potuit.
844 2597 904 2656 Nifi
927 2614 1025 2656 tamen
1039 2617 1091 2672 pro

190 2673 311 2747 Cyrenis
339 2691 426 2748 vsque
448 2673 482 2728 ad
502 2670 626 2730 Aethio·
652 2673 826 2736 Thracibus.
860 2674 933 2743 vltra
974 2690 1027 2728 uos
1048 2671 1091 2728 illi

188 2749 280 2824 piam,
311 2764 341 2805 et
356 2743 491 2806 interfuit
503 2742 626 2802 Antonii
653 2745 816 2804 habitabant
829 2743 920 2814 (conf.
937 2690 972 2802 ad
985 2747 1041 2802 Ge,
1053 2748 1091 2812 11,
1149 2737 1150 2776 ¹

187 2817 627 2963 ssssi¹¹illss⁰lissll²lll¹lf
652 2818 969 2958 llltlllslnll
982 2818 1015 2878 ¹¹¹
1029 2821 1092 2878 ’¹¹¹'
1149 2833 1150 2872 ¹

188 2935 252 3028 Dio¹
268 2969 300 3032 L.
316 2975 341 3029 6·
355 2967 496 3025 discindor
512 2912 624 3039 {stote
687 2972 741 3036 726
774 2967 925 3042 Euphrates
950 2967 1012 3024 ibat
1035 2969 1091 3026 iam

187 3041 343 3102 mollitiem
365 3042 514 3098 hominurn
535 3037 634 3116 arguit'
652 3042 758 3099 mollior
770 3042 852 3097 ondit
868 3041 1090 3099 helenioteam·

185 3117 265 3172 veste
280 3115 337 3172 laxa
354 3132 383 3171 et
397 3113 516 3176 fluente,
541 3113 587 3170 An
602 3112 626 3170 is
652 3134 699 3180 ne,
712 3131 744 3170 vt
759 3113 900 3171 domitum
914 3113 943 3172 se
953 3115 1091 3174 acsubiu·

210 3187 318 3262 coptius
348 3187 485 3246 Afrorum
511 3185 625 3242 habitus
653 3203 759 3268 gotum,
772 3188 800 3244 h.
814 3208 844 3244 c.
854 3205 890 3260 po
911 3189 1092 3246 ulosaccolas

187 3207 297 3327 suerit,
315 3261 429 3318 aliunde
450 3259 624 3336 ignoramus.
652 3261 741 3322 visloo
763 3261 877 3318 etsubie
908 3278 953 3326 os,
983 3259 1092 3338 fignifi-

187 3335 300 3410 Ltlegas
314 3333 467 3408 Carasque,
486 3351 516 3390 vt
530 3333 624 3390 nomi·
651 3353 738 3394 caret.
773 3335 824 3392 vti
839 3334 943 3392 mollita
956 3333 1092 3394 dicuntur

146 3479 150 3482 .
187 3426 260 3468 num
281 3409 420 3466 vetustate
440 3407 557 3463 carmini
581 3406 625 3463 tli-
653 3424 683 3465 et
699 3407 778 3478 alibi,
795 3426 868 3483 quae
884 3407 1093 3468 vidaaccon·

188 3481 326 3562 unitatem
333 3496 458 3558 potaret,
470 3478 564 3554 posuit
570 3498 625 3558 pro
651 3482 712 3544 tusc
726 3481 911 3566 'coercitaque
930 3480 1004 3541 sunt.
1044 3482 1092 3614 Istic

1001 3576 1042 3616 mo
1077 3575 1091 3614 r
